@InProceedings{AikenWimmers:1992,
  author = 	 {Alexander Aiken and Edward Wimmers},
  title = 	 {{S}olving {S}ystems of {S}et {C}onstraints},
  booktitle = 	 {{S}eventh {A}nnual {IEEE} {S}ymposium on {L}ogic in
                  {C}omputer {S}cience},
  pages =	 {329--340},
  year =	 1992,
  address =	 {Santa Cruz, California},
  month =	 jun,
  note =	 {Extended Abstract}
}
